@article{ilzhofer2018two,
  title={Two-species five-beam magneto-optical trap for erbium and dysprosium},
  author={Ilzh{\"o}fer, P and Durastante, G and Patscheider, A and Trautmann, A and Mark, MJ and Ferlaino, F},
  journal={Physical Review A},
  volume={97},
  number={2},
  pages={023633},
  year={2018},
  publisher={APS}
}

@book{foot2005atomic,
  title={Atomic physics},
  author={Foot, Christopher J},
  volume={7},
  year={2005},
  publisher={Oxford University Press}
}

@article{berglund2008narrow,
  title={Narrow-line magneto-optical cooling and trapping of strongly magnetic atoms},
  author={Berglund, Andrew J and Hanssen, James L and McClelland, Jabez J},
  journal={Physical review letters},
  volume={100},
  number={11},
  pages={113002},
  year={2008},
  publisher={APS}
}

@article{box1958note,
  title={A note on the generation of random normal deviates},
  author={Box, George EP and Muller, Mervin E and others},
  journal={The annals of mathematical statistics},
  volume={29},
  number={2},
  pages={610--611},
  year={1958},
  publisher={Institute of Mathematical Statistics}
}

@article{hanley2018quantitative,
  title={Quantitative simulation of a magneto-optical trap operating near the photon recoil limit},
  author={Hanley, Ryan K and Huillery, Paul and Keegan, Niamh C and Bounds, Alistair D and Boddy, Danielle and Faoro, Riccardo and Jones, Matthew PA},
  journal={Journal of Modern Optics},
  volume={65},
  number={5-6},
  pages={667--676},
  year={2018},
  publisher={Taylor \& Francis}
}

@book{LucDevroye,
  Author = {Luc Devroye},
  Title = {Non-Uniform Random Variate Generation},
  Publisher = {Springer},
  Year = {1986},
  ISBN = {0387963057}
}
